<?xml version="1.0" encoding="UTF-8"?>
<collection xmlns:xsi="http://www.w3.org/2001/XMLSchema-instance" xsi:schemaLocation="http://www.loc.gov/MARC21/slim http://www.loc.gov/standards/marcxml/schema/MARC21slim.xsd" xmlns="http://www.loc.gov/MARC21/slim">
<record>
  <leader>01165cam a22002891  4500</leader>
  <controlfield tag="001">3122145</controlfield>
  <controlfield tag="003">NNC</controlfield>
  <controlfield tag="005">20130426022614.0</controlfield>
  <controlfield tag="008">970617m18861888ua            000 0 arard</controlfield>
  <datafield tag="035" ind1=" " ind2=" ">
    <subfield code="a">(OCoLC)ocm37137392</subfield>
  </datafield>
  <datafield tag="035" ind1=" " ind2=" ">
    <subfield code="9">ATV4412CU</subfield>
  </datafield>
  <datafield tag="035" ind1=" " ind2=" ">
    <subfield code="a">(NNC)3122145</subfield>
  </datafield>
  <datafield tag="040" ind1=" " ind2=" ">
    <subfield code="a">CLE</subfield>
    <subfield code="c">CLE</subfield>
    <subfield code="d">IUL</subfield>
    <subfield code="d">ZCU</subfield>
  </datafield>
  <datafield tag="050" ind1=" " ind2="4">
    <subfield code="a">BP135.A128</subfield>
    <subfield code="b">Q13</subfield>
  </datafield>
  <datafield tag="099" ind1=" " ind2=" ">
    <subfield code="a">893.795</subfield>
    <subfield code="a">K155</subfield>
  </datafield>
  <datafield tag="100" ind1="1" ind2=" ">
    <subfield code="a">Qasṭallānī, Aḥmad ibn Muḥammad,</subfield>
    <subfield code="d">1447 or 1448-1517 or 1518.</subfield>
  </datafield>
  <datafield tag="240" ind1="1" ind2="0">
    <subfield code="a">Irshād al-sārī</subfield>
  </datafield>
  <datafield tag="245" ind1="1" ind2="0">
    <subfield code="a">Irshād al-sārī ilá sharḥ al-Bukhārī :</subfield>
    <subfield code="b">wa-bi-hāmishihi Matn Ṣaḥīḥ al-Imām Muslim wa-sharḥ al-Imām al-Nawawī ʻalayhi.</subfield>
  </datafield>
  <datafield tag="250" ind1=" " ind2=" ">
    <subfield code="a">Ṭabʻah 6.</subfield>
  </datafield>
  <datafield tag="260" ind1=" " ind2=" ">
    <subfield code="a">Būlāq :</subfield>
    <subfield code="b">al-Maṭbaʻah al-Kubrá al-Amīrīyah,</subfield>
    <subfield code="c">1304-1306 [1886 or 7-1888]</subfield>
  </datafield>
  <datafield tag="300" ind1=" " ind2=" ">
    <subfield code="a">10 v. ;</subfield>
    <subfield code="c">28 cm.</subfield>
  </datafield>
  <datafield tag="600" ind1="1" ind2="0">
    <subfield code="a">Bukhārī, Muḥammad ibn Ismāʻīl,</subfield>
    <subfield code="d">810-870.</subfield>
    <subfield code="t">Jāmiʻ al-ṣaḥīḥ.</subfield>
  </datafield>
  <datafield tag="650" ind1=" " ind2="0">
    <subfield code="a">Hadith</subfield>
    <subfield code="v">Early works to 1800.</subfield>
  </datafield>
  <datafield tag="700" ind1="0" ind2=" ">
    <subfield code="a">Muslim ibn al-Ḥajjāj al-Qushayrī,</subfield>
    <subfield code="d">approximately 821-875.</subfield>
  </datafield>
  <datafield tag="700" ind1="0" ind2=" ">
    <subfield code="a">Nawawī,</subfield>
    <subfield code="d">1233-1277.</subfield>
  </datafield>
  <datafield tag="700" ind1="1" ind2=" ">
    <subfield code="a">Bukhārī, Muḥammad ibn Ismāʻīl,</subfield>
    <subfield code="d">810-870.</subfield>
    <subfield code="t">Jāmiʻ al-ṣaḥīḥ.</subfield>
  </datafield>
  <datafield tag="955" ind1=" " ind2=" ">
    <subfield code="b">0026816644</subfield>
    <subfield code="d">glx</subfield>
    <subfield code="e">893.795 K155</subfield>
    <subfield code="v">v.1</subfield>
  </datafield>
</record>
</collection>